<record><leader>00000cas a22000007a 4500</leader><controlfield tag="001">22935425</controlfield><controlfield tag="008">910108d19781979aruwr ne      0    0eng d</controlfield><datafield ind1=" " ind2=" " tag="010"><subfield code="a">sn 90050343 </subfield></datafield><datafield ind1=" " ind2=" " tag="040"><subfield code="a">ANU</subfield><subfield code="b">eng</subfield><subfield code="c">ANU</subfield><subfield code="d">OCLCQ</subfield><subfield code="d">OCLCO</subfield></datafield><datafield ind1="1" ind2=" " tag="029"><subfield code="a">AU@</subfield><subfield code="b">000025848577</subfield></datafield><datafield ind1=" " ind2=" " tag="042"><subfield code="a">msc</subfield></datafield><datafield ind1=" " ind2=" " tag="043"><subfield code="a">n-us-ar</subfield></datafield><datafield ind1="0" ind2="0" tag="245"><subfield code="a">Fairfield Bay bulletin.</subfield></datafield><datafield ind1=" " ind2=" " tag="260"><subfield code="a">Fairfield Bay, Ark. :</subfield><subfield code="b">Fairfield Bay</subfield></datafield><datafield ind1=" " ind2=" " tag="300"><subfield code="a">v.</subfield></datafield><datafield ind1=" " ind2=" " tag="310"><subfield code="a">Weekly</subfield></datafield><datafield ind1="0" ind2=" " tag="362"><subfield code="a">Vol. 1, no. 1 (Apr. 24-30, 1978)-v. 1, no. 46 (Feb. 25-Mar. 3, 1979).</subfield></datafield><datafield ind1=" " ind2="0" tag="650"><subfield code="a">Planned communities</subfield><subfield code="z">Arkansas</subfield><subfield code="z">Fairfield Bay</subfield><subfield code="v">Newspapers.</subfield></datafield><datafield ind1=" " ind2="4" tag="651"><subfield code="a">Van Buren County (Ark.)</subfield><subfield code="v">Newspapers.</subfield></datafield><datafield ind1=" " ind2="4" tag="651"><subfield code="a">Fairfield Bay (Ark.)</subfield><subfield code="v">Newspapers.</subfield></datafield><datafield ind1=" " ind2=" " tag="752"><subfield code="a">United States</subfield><subfield code="b">Arkansas</subfield><subfield code="c">Van Buren</subfield><subfield code="d">Fairfield Bay.</subfield></datafield><datafield ind1="0" ind2=" " tag="775"><subfield code="t">Fairfield Bay news (Little Rock, Ark.)</subfield><subfield code="w">(DLC)sn 90050342</subfield></datafield></record>